@book{brown2014introduzione,
  title     = {Introduzione alla chimica organica},
  author    = {Brown, W.H. and Poon, T.},
  isbn      = {9788879598255},
  url       = {https://books.google.it/books?id=KUSKoAEACAAJ},
  year      = {2014},
  publisher = {Edises}
}

@book{hart2008chimica,
  title     = {Chimica organica},
  author    = {Hart, H. and Craine, L.E. and Hart, D.J. and De Maria, P.},
  isbn      = {9788808067630},
  url       = {https://books.google.it/books?id=6\_wvkgAACAAJ},
  year      = {2008},
  publisher = {Zanichelli}
}

@online{pianetaChimica,
  url = {https://www.pianetachimica.it},
  title = {Pianeta Chimica},
  author = {Mauro Tonellato},  
}

  @